@misc{assign1aref,
       author = {Keven Loo and Richard Lee},
       title = {{CS3210} {A}ssignment 1 - {P}article {M}ovement {S}imulator ({P}art 1)},
       year = {2019}
}

@misc{assign1bref,
       author = {Keven Loo and Richard Lee},
       title = {{CS3210} {A}ssignment 1 ({P}art 2), {D}iscrete {P}article {S}imulation with {CUDA}},
       year = {2019}
}

@misc{floatingcompliance,
  title = {Floating Point and {IEEE}-754 {C}ompliance for {NVIDIA} {GPU}s},
  author = {Whitehead, Nathan and Florea, AF},
  year = {2017}
}

@misc{turingarchi,
  title = {{NVIDIA Turing Architecture In-Depth}},
  author = {Emmett Kilgariff and Henry Moreton and Nick Stam and Brandon Bell},
  howpublished = {\url{https://devblogs.nvidia.com/nvidia-turing-architecture-in-depth/}},
  note = {Accessed: 2019-10-26}
}

@misc{precisionforspeed,
  title = {{CS3210 (AY19/20 Sem 1) Lecture Slides, L06-CUDA}},
  author = {Cristina Carbunaru},
  note = {``Maximise Instruction Throughput" (Slide 62)}
}

@misc{cudaexecutioncontrol,
  title = {{CUDA Execution Control}},
  author = {NVIDIA},
  howpublished = {\url{https://docs.nvidia.com/cuda/cuda-runtime-api/group__CUDART__EXECUTION.html}},
  note = {Accessed: 2019-10-26}
}
